@article{gradcam,
	author    = {Ramprasaath R. Selvaraju and Abhishek Das and Ramakrishna Vedantam and
               Michael Cogswell and Devi Parikh and Dhruv Batra},
	title     = {Grad-CAM: Why did you say that? Visual Explanations from Deep Networks
               via Gradient-based Localization},
	journal   = {CoRR},
	volume    = {abs/1610.02391},
	year      = {2016},
	url       = {http://arxiv.org/abs/1610.02391},
	timestamp = {Wed, 02 Nov 2016 09:51:26 +0100},
	biburl    = {http://dblp.uni-trier.de/rec/bib/journals/corr/SelvarajuDVCPB16},
	bibsource = {dblp computer science bibliography, http://dblp.org}
}

@article{guidedbackprop,
  author    = {Jost Tobias Springenberg and Alexey Dosovitskiy and Thomas Brox and
               Martin A. Riedmiller},
  title     = {Striving for Simplicity: The All Convolutional Net},
  journal   = {CoRR},
  volume    = {abs/1412.6806},
  year      = {2014},
  url       = {http://arxiv.org/abs/1412.6806},
  timestamp = {Wed, 01 Apr 2015 20:06:15 +0200},
  biburl    = {http://dblp.uni-trier.de/rec/bib/journals/corr/SpringenbergDBR14},
  bibsource = {dblp computer science bibliography, http://dblp.org}
}

@article{sppooling,
	author    = {Kaiming He and Xiangyu Zhang and Shaoqing Ren and Jian Sun},
	title     = {Spatial Pyramid Pooling in Deep Convolutional Networks for Visual
               Recognition},
	journal   = {CoRR},
	volume    = {abs/1406.4729},
	year      = {2014},
	url       = {http://arxiv.org/abs/1406.4729},
	timestamp = {Tue, 01 Jul 2014 11:58:08 +0200},
	biburl    = {http://dblp.uni-trier.de/rec/bib/journals/corr/HeZR014},
	bibsource = {dblp computer science bibliography, http://dblp.org}
}

@inbook{multfusion,
	title     = {Combining multiple sources of knowledge in deep CNNs for action recognition},
	author    = {Eunbyung Park and Xufeng Han and Berg, {Tamara L.} and Berg, {Alexander C.}},
	year      = {2016},
	month     = {5},
	doi       = {10.1109/WACV.2016.7477589},
	booktitle = {2016 IEEE Winter Conference on Applications of Computer Vision, WACV 2016},
	publisher = {Institute of Electrical and Electronics Engineers Inc.},
}

@inproceedings{office,
    author    = {Saenko, K. and Kulis, B. and Fritz, M. and Darrell, T.},
    title     = {Adapting visual category models to new domains.},
    booktitle = {Proc. ECCV.}, 
    year      = {2010}
}

@inproceedings{lookbook,
    author    = {D. Yoo and N. Kim and S. Park and A. S. Paek and I. S. Kweon},
    title     = {Pixel-Level Domain Transfer},
    booktitle = {Proc. ECCV.},
    year      = {2016}
}
